
@misc{noauthor_isoiec_1994,
	title = {{ISO}/{IEC} 7498-1:1994},
	shorttitle = {{ISO}/{IEC} 7498-1},
	url = {https://www.iso.org/standard/20269.html},
	abstract = {Information technology — Open Systems Interconnection — Basic Reference Model: The Basic Model},
	language = {en},
	urldate = {2025-04-11},
	journal = {ISO},
	month = nov,
	year = {1994},
	file = {Snapshot:/home/pol/Zotero/storage/BHISTAD7/20269.html:text/html},
}

@techreport{fielding_hypertext_2014,
	type = {Request for {Comments}},
	title = {Hypertext {Transfer} {Protocol} ({HTTP}/1.1): {Message} {Syntax} and {Routing}},
	shorttitle = {Hypertext {Transfer} {Protocol} ({HTTP}/1.1)},
	url = {https://datatracker.ietf.org/doc/rfc7230},
	abstract = {The Hypertext Transfer Protocol (HTTP) is a stateless application-level protocol for distributed, collaborative, hypertext information systems. This document provides an overview of HTTP architecture and its associated terminology, defines the "http" and "https" Uniform Resource Identifier (URI) schemes, defines the HTTP/1.1 message syntax and parsing requirements, and describes related security concerns for implementations.},
	number = {RFC 7230},
	urldate = {2025-04-11},
	institution = {Internet Engineering Task Force},
	author = {Fielding, Roy T. and Reschke, Julian},
	month = jun,
	year = {2014},
	doi = {10.17487/RFC7230},
	note = {Num Pages: 89},
	file = {Full Text PDF:/home/pol/Zotero/storage/EYWXBLP6/Fielding i Reschke - 2014 - Hypertext Transfer Protocol (HTTP1.1) Message Syntax and Routing.pdf:application/pdf},
}

@techreport{braden_requirements_1989,
	type = {Request for {Comments}},
	title = {Requirements for {Internet} {Hosts} - {Communication} {Layers}},
	url = {https://datatracker.ietf.org/doc/rfc1122},
	abstract = {This RFC is an official specification for the Internet community. It incorporates by reference, amends, corrects, and supplements the primary protocol standards documents relating to hosts. [STANDARDS-TRACK]},
	number = {RFC 1122},
	urldate = {2025-04-11},
	institution = {Internet Engineering Task Force},
	author = {Braden, Robert T.},
	month = oct,
	year = {1989},
	doi = {10.17487/RFC1122},
	note = {Num Pages: 116},
	file = {Full Text PDF:/home/pol/Zotero/storage/3MYJHEXA/Braden - 1989 - Requirements for Internet Hosts - Communication Layers.pdf:application/pdf},
}

@misc{noauthor_lora_2024,
	title = {{LoRa} and {LoRaWAN}: {Technical} overview {\textbar} {DEVELOPER} {PORTAL}},
	shorttitle = {{LoRa} and {LoRaWAN}},
	url = {https://web.archive.org/web/20240315180927/https://lora-developers.semtech.com/documentation/tech-papers-and-guides/lora-and-lorawan},
	urldate = {2025-04-13},
	month = mar,
	year = {2024},
	file = {Snapshot:/home/pol/Zotero/storage/R3F42B7W/lora-and-lorawan.html:text/html},
}

@misc{richard_wenner_lora_2017,
	title = {{LoRa} {CHIRP}},
	url = {https://www.youtube.com/watch?v=dxYY097QNs0},
	urldate = {2025-04-14},
	author = {{Richard Wenner}},
	month = nov,
	year = {2017},
}

@article{doroshkin_experimental_2019,
	title = {Experimental {Study} of {LoRa} {Modulation} {Immunity} to {Doppler} {Effect} in {CubeSat} {Radio} {Communications}},
	volume = {PP},
	doi = {10.1109/ACCESS.2019.2919274},
	journal = {IEEE Access},
	author = {Doroshkin, Alexander and Zadorozhny, A. M. and Kus, Oleg and Prokopyev, Vitaliy and Prokopyev, Yury},
	month = may,
	year = {2019},
	pages = {1--1},
}

@misc{noauthor_lorawan_nodate,
	title = {{LoRaWAN} {Architecture}},
	url = {https://www.thethingsnetwork.org/docs/lorawan/architecture/},
	abstract = {We are building a global open free crowdsourced long range low power IoT data network},
	language = {en-us},
	urldate = {2025-04-14},
	journal = {The Things Network},
	file = {Snapshot:/home/pol/Zotero/storage/YCU7VGPQ/architecture.html:text/html},
}

@misc{noauthor_httpswwwetsiorgdeliveretsi_en300200_30029930022002030201_60en_30022002v030201ppdf_nodate,
	title = {https://www.etsi.org/deliver/etsi\_en/300200\_300299/30022002/03.02.01\_60/en\_30022002v030201p.pdf},
	url = {https://www.etsi.org/deliver/etsi_en/300200_300299/30022002/03.02.01_60/en_30022002v030201p.pdf},
	urldate = {2025-04-14},
	file = {https\://www.etsi.org/deliver/etsi_en/300200_300299/30022002/03.02.01_60/en_30022002v030201p.pdf:/home/pol/Zotero/storage/2TXYHEIQ/en_30022002v030201p.pdf:application/pdf},
}
